%%%%%%%%%%%%%%%% README %%%%%%%%%%%%%%%%%%%%%%%%%%%%%%%%
% Place the BIBTeX entry in the right category 
% 
% BIBTeX labels:  {SurnameYear}, as in Albertsson2018
% Capitalized words in titles must be placed in {...}, as in:
%                       title = {Beyond the proton drip line: {Bayesian} analysis}
% Journal abbreviations:should be done according to the ISO4 standard:
%                       https://academic-accelerator.com/Journal-Abbreviation/System
% doi - include if possible
% url - include if possible
% do not include: abstract; eprint data, report numbers  for published papers;

@misc{scipy_solve_ivp,
  title = {scipy.integrate.solve\_ivp},
  howpublished = {\url{https://docs.scipy.org/doc/scipy/reference/generated/scipy.integrate.solve_ivp.html}},
  note = {Accessed: 2024-04-26},
  year = 2024
}

%JAX
@misc{jax2018github,
  author = {James Bradbury and Roy Frostig and Peter Hawkins and Matthew James Johnson and Chris Leary and Dougal Maclaurin and George Necula and Adam Paszke and Jake Vander{P}las and Skye Wanderman-{M}ilne and Qiao Zhang},
  title = {{JAX}: composable transformations of {P}ython+{N}um{P}y programs},
  url = {http://github.com/google/jax},
  version = {0.3.13},
  year = {2018},
}

%FLAX
@software{flax2020github,
  author = {Jonathan Heek and Anselm Levskaya and Avital Oliver and Marvin Ritter and Bertrand Rondepierre and Andreas Steiner and Marc van {Z}ee},
  title = {{F}lax: A neural network library and ecosystem for {JAX}},
  url = {http://github.com/google/flax},
  version = {0.8.5},
  year = {2023},
}

%optax
@misc{deepmind2020jax,
  title = {The {D}eep{M}ind {JAX} {E}cosystem},
  author = {DeepMind and Babuschkin, Igor and Baumli, Kate and Bell, Alison and Bhupatiraju, Surya and Bruce, Jake and Buchlovsky, Peter and Budden, David and Cai, Trevor and Clark, Aidan and Danihelka, Ivo and Dedieu, Antoine and Fantacci, Claudio and Godwin, Jonathan and Jones, Chris and Hemsley, Ross and Hennigan, Tom and Hessel, Matteo and Hou, Shaobo and Kapturowski, Steven and Keck, Thomas and Kemaev, Iurii and King, Michael and Kunesch, Markus and Martens, Lena and Merzic, Hamza and Mikulik, Vladimir and Norman, Tamara and Papamakarios, George and Quan, John and Ring, Roman and Ruiz, Francisco and Sanchez, Alvaro and Sartran, Laurent and Schneider, Rosalia and Sezener, Eren and Spencer, Stephen and Srinivasan, Srivatsan and Stanojevi\'{c}, Milo\v{s} and Stokowiec, Wojciech and Wang, Luyu and Zhou, Guangyao and Viola, Fabio},
  url = {http://github.com/google-deepmind},
  year = {2020},
}

%Original SINDy paper
@article{Brunton_2016,
title={Discovering governing equations from data by sparse identification of nonlinear dynamical systems},
volume={113},
ISSN={1091-6490},
url={http://dx.doi.org/10.1073/pnas.1517384113},
DOI={10.1073/pnas.1517384113},
number={15},
journal={Proceedings of the National Academy of Sciences},
publisher={Proceedings of the National Academy of Sciences},
author={Brunton, Steven L. and Proctor, Joshua L. and Kutz, J. Nathan},
year={2016},
month=mar, pages={3932–3937} }

%Original SINDy with autoencoder paper
@article{Champion_2019,
title={Data-driven discovery of coordinates and governing equations},
volume={116},
ISSN={1091-6490},
url={http://dx.doi.org/10.1073/pnas.1906995116},
DOI={10.1073/pnas.1906995116},
number={45},
journal={Proceedings of the National Academy of Sciences},
publisher={Proceedings of the National Academy of Sciences},
author={Champion, Kathleen and Lusch, Bethany and Kutz, J. Nathan and Brunton, Steven L.},
year={2019},
month=oct, pages={22445–22451} }

% Original SR3 optimization algorithm paper
@ARTICLE{SR3,
author={Zheng, Peng and Askham, Travis and Brunton, Steven L. and Kutz, J. Nathan and Aravkin, Aleksandr Y.},
journal={IEEE Access},
title={A Unified Framework for Sparse Relaxed Regularized Regression: SR3},
year={2019},
volume={7},
number={},
pages={1404-1423},
keywords={Level set;Compressed sensing;TV;Convergence;Signal processing algorithms;Sparse matrices;Optimization;Nonconvex optimization;sparse regression;compressed sensing;LASSO;total variation regularization;matrix completion},
doi={10.1109/ACCESS.2018.2886528}}

@ARTICLE{SR3_SINDy,
author={Champion, Kathleen and Zheng, Peng and Aravkin, Aleksandr Y. and Brunton, Steven L. and Kutz, J. Nathan},
journal={IEEE Access},
title={A Unified Sparse Optimization Framework to Learn Parsimonious Physics-Informed Models From Data},
year={2020},
volume={8},
number={},
pages={169259-169271},
keywords={Optimization;Data models;Libraries;Mathematical model;Robustness;Technological innovation;Standards;Sparse regression;systems identification;outlier removal;nonconvex optimization},
doi={10.1109/ACCESS.2020.3023625}}

@book{newton1687principia,
  title={Philosophi{\ae} Naturalis Principia Mathematica},
  author={Newton, Isaac},
  year={1687},
  publisher={Royal Society},
  location={London}
}


@article{dalembert1747,
  title={Analysis of the Problem of Three Bodies},
  author={D'Alembert, Jean le Rond and Clairaut, Alexis},
  journal={Memoirs of the Acad{\'e}mie Royale des Sciences},
  year={1747},
  publisher={French Academy of Sciences},
  location={Paris}
}


@article{mckay1979comparison,
  title={A Comparison of Three Methods for Selecting Values of Input Variables in the Analysis of Output from a Computer Code},
  author={McKay, M D and Beckman, R J and Conover, W J},
  journal={Technometrics},
  volume={21},
  number={2},
  pages={239--245},
  year={1979},
  publisher={Taylor & Francis}
}

@article{stein1987large,
  title={Large Sample Properties of Simulations Using Latin Hypercube Sampling},
  author={Stein, Michael},
  journal={Technometrics},
  volume={29},
  number={2},
  pages={143--151},
  year={1987},
  publisher={Taylor & Francis}
}

@article{helton2003latin,
  title={Latin Hypercube Sampling and the Propagation of Uncertainty in Analyses of Complex Systems},
  author={Helton, Jon C and Davis, F J},
  journal={Reliability Engineering \& System Safety},
  volume={81},
  number={1},
  pages={23--69},
  year={2003},
  publisher={Elsevier}
}





@article{mckay2000comparison,
  title={A comparison of three methods for selecting values of input variables in the analysis of output from a computer code},
  author={McKay, Michael D and Beckman, Richard J and Conover, William J},
  journal={Technometrics},
  volume={42},
  number={1},
  pages={55--61},
  year={2000},
  publisher={Taylor \& Francis}
}

@article{olsson2003latin,
  title={On Latin hypercube sampling for structural reliability analysis},
  author={Olsson, Anders and Sandberg, G{\"o}ran and Dahlblom, Ola},
  journal={Structural safety},
  volume={25},
  number={1},
  pages={47--68},
  year={2003},
  publisher={Elsevier}
}



@misc{googlecolab,
  title = {Google Colab},
  author = {{Google LLC}},
  year = {2024},
  note = {Accessed: 2024-06-13},
  url = {https://colab.research.google.com/}
}

@misc{uio_ml_nodes,
  title = {Machine Learning Infrastructure (ML Nodes)},
  author = {{University Centre for Information Technology}},
  organization = {University of Oslo},
  address = {Oslo, Norway},
  year = {2024},
  note = {Accessed: 2024-06-13},
  url = {https://www.uio.no/tjenester/it/forskning/kompetansehuber/uio-ai-hub-node-project/it-resources/ml-nodes/}
}


@article{Dormand1980,
  title={A family of embedded Runge-Kutta formulae},
  author={Dormand, J. R. and Prince, P. J.},
  journal={Journal of Computational and Applied Mathematics},
  volume={6},
  number={1},
  pages={19--26},
  year={1980},
  publisher={Elsevier}
}

@article{Shampine1986,
  title={Some Practical Runge-Kutta Formulas},
  author={Shampine, L. W.},
  journal={Mathematics of Computation},
  volume={46},
  number={173},
  pages={135--150},
  year={1986},
  publisher={American Mathematical Society}
}

@article{lorenz1963deterministic,
  title={Deterministic Nonperiodic Flow},
  author={Lorenz, Edward N},
  journal={Journal of the Atmospheric Sciences},
  volume={20},
  pages={130--141},
  year={1963},
  publisher={American Meteorological Society}
}

@article{moore1993braids,
  title={Braids in Classical Gravity},
  author={Moore, Christopher},
  journal={Physical Review Letters},
  volume={70},
  number={24},
  pages={3675--3679},
  year={1993},
  publisher={APS}
}

@article{hinton2006reducing,
  title={Reducing the dimensionality of data with neural networks},
  author={Hinton, Geoffrey E and Salakhutdinov, Ruslan R},
  journal={Science},
  volume={313},
  number={5786},
  pages={504--507},
  year={2006},
  publisher={American Association for the Advancement of Science}
}

@article{Adam,
  title={Adam: A Method for Stochastic Optimization},
  author={Diederik P. Kingma and Jimmy Ba},
  journal={arXiv preprint arXiv:1412.6980},
  year={2014},
  url={https://arxiv.org/abs/1412.6980},
  note={Presented at ICLR 2015},
}

@article{backprop,
  title={Learning representations by back-propagating errors},
  author={Rumelhart, David E and Hinton, Geoffrey E and Williams, Ronald J},
  journal={Nature},
  volume={323},
  number={6088},
  pages={533--536},
  year={1986},
  publisher={Nature Publishing Group},
  doi={10.1038/323533a0}
}

@article{cranmer2020discovering,
  title={Discovering Symbolic Models from Deep Learning with Inductive Biases},
  author={Cranmer, Miles and Sanchez-Gonzalez, Alvaro and Battaglia, Peter and Xu, Rui and Cranmer, Kyle and Spergel, David and Ho, Shirley},
  journal={arXiv preprint arXiv:2006.11287},
  year={2020},
  url={https://arxiv.org/abs/2006.11287}
}


%UvAFlax
@misc{lippe2024,
   title        = {{UvA Deep Learning Tutorials}},
   author       = {Phillip Lippe},
   year         = 2024,
   howpublished = {\url{https://uvadlc-notebooks.readthedocs.io/en/latest/}}
}
